<record><leader>00000cas a22000007a 4500</leader><controlfield tag="001">8776214</controlfield><controlfield tag="008">820915d19291977ksucr ne      0   a0eng  </controlfield><controlfield tag="009">466</controlfield><datafield ind1=" " ind2=" " tag="010"><subfield code="a">sn 82014114 </subfield></datafield><datafield ind1=" " ind2=" " tag="040"><subfield code="a">DLC</subfield><subfield code="b">eng</subfield><subfield code="c">DLC</subfield><subfield code="d">NPT</subfield><subfield code="d">DLC</subfield></datafield><datafield ind1="1" ind2=" " tag="029"><subfield code="a">AU@</subfield><subfield code="b">000025813054</subfield></datafield><datafield ind1=" " ind2=" " tag="042"><subfield code="a">msc</subfield></datafield><datafield ind1="0" ind2="0" tag="050"><subfield code="a">Newspaper 7811</subfield></datafield><datafield ind1="0" ind2="4" tag="245"><subfield code="a">The Colby free press-tribune.</subfield></datafield><datafield ind1="0" ind2="0" tag="246"><subfield code="a">Colby free press tribune</subfield></datafield><datafield ind1=" " ind2=" " tag="260"><subfield code="a">Colby, Kan. :</subfield><subfield code="b">J.P. Phillips,</subfield><subfield code="c">1929-1977.</subfield></datafield><datafield ind1=" " ind2=" " tag="300"><subfield code="a">48 v. :</subfield><subfield code="b">ill. ;</subfield><subfield code="c">56-61 cm.</subfield></datafield><datafield ind1=" " ind2=" " tag="310"><subfield code="a">Semiweekly</subfield><subfield code="b">Nov. 18, 1946-Aug. 4, 1977</subfield></datafield><datafield ind1=" " ind2=" " tag="321"><subfield code="a">Weekly</subfield><subfield code="b">Feb. 7, 1929-Nov. 13, 1946</subfield></datafield><datafield ind1="0" ind2=" " tag="362"><subfield code="a">Vol. 40, no. 17 (Feb. 7, 1929)-v. 88, no. 94 (Aug. 4, 1977).</subfield></datafield><datafield ind1=" " ind2=" " tag="500"><subfield code="a">Vol. 51, no. 1 called "Fiftieth Anniversary ed."</subfield></datafield><datafield ind1=" " ind2=" " tag="500"><subfield code="a">Publisher varies.</subfield></datafield><datafield ind1=" " ind2=" " tag="500"><subfield code="a">"Independent."</subfield></datafield><datafield ind1=" " ind2=" " tag="752"><subfield code="a">United States</subfield><subfield code="b">Kansas</subfield><subfield code="c">Thomas</subfield><subfield code="d">Colby.</subfield></datafield><datafield ind1="0" ind2="0" tag="780"><subfield code="t">Colby free press and the Colby tribune</subfield><subfield code="w">(DLC)sn 85032824</subfield></datafield><datafield ind1="0" ind2="5" tag="780"><subfield code="t">Brewster booster</subfield><subfield code="g">Jan. 17, 1955</subfield><subfield code="w">(DLC)sn 85032811</subfield></datafield><datafield ind1="0" ind2="0" tag="785"><subfield code="t">New free press</subfield><subfield code="w">(DLC)sn 85032826</subfield></datafield></record>